@article{DBLP:journals/computer/BealPV15,
  author    = {Jacob Beal and
	       Danilo Pianini and
	       Mirko Viroli},
  title     = {Aggregate Programming for the Internet of Things},
  journal   = {{IEEE} Computer},
  volume    = {48},
  number    = {9},
  pages     = {22--30},
  year      = {2015},
  url       = {https://doi.org/10.1109/MC.2015.261},
  doi       = {10.1109/MC.2015.261},
  timestamp = {Mon, 05 Jun 2017 20:51:35 +0200},
  biburl    = {https://dblp.org/rec/bib/journals/computer/BealPV15},
  bibsource = {dblp computer science bibliography, https://dblp.org}
}

@article{Audrito:2019:HCC:3301291.3285956,
 author = {Audrito, Giorgio and Viroli, Mirko and Damiani, Ferruccio and Pianini, Danilo and Beal, Jacob},
 title = {A Higher-Order Calculus of Computational Fields},
 journal = {ACM Trans. Comput. Logic},
 issue_date = {February 2019},
 volume = {20},
 number = {1},
 month = jan,
 year = {2019},
 issn = {1529-3785},
 pages = {5:1--5:55},
 articleno = {5},
 numpages = {55},
 url = {http://doi.acm.org/10.1145/3285956},
 doi = {10.1145/3285956},
 acmid = {3285956},
 publisher = {ACM},
 address = {New York, NY, USA},
 keywords = {Adequacy, aggregate programming, computational field, core calculus, full abstraction, spatial computing, type inference system, type soundness},
}

@incollection{Viroli2013,
  doi = {10.1007/978-3-642-45364-9_11},
  url = {https://doi.org/10.1007/978-3-642-45364-9_11},
  year = {2013},
  publisher = {Springer Berlin Heidelberg},
  pages = {114--128},
  author = {Mirko Viroli and Ferruccio Damiani and Jacob Beal},
  title = {A Calculus of Computational Fields},
  booktitle = {Communications in Computer and Information Science}
}

@inproceedings{7056345,
author={J. {Beal} and M. {Viroli}},
booktitle={2014 IEEE Eighth International Conference on Self-Adaptive and Self-Organizing Systems Workshops},
title={Building Blocks for Aggregate Programming of Self-Organising Applications},
year={2014},
volume={},
number={},
pages={8-13},
keywords={programming;aggregate programming;self-organising application;computational field;aggregate computation;aggregate coordination;minimal universal field calculus;building block algorithm;Calculus;Measurement;Aggregates;Lead;Sensors;Programming;Taxonomy;field calculus;self-stabilisation;aggregate programming;distributed algorithms},
doi={10.1109/SASOW.2014.6},
ISSN={},
month={Sep.},}

@article{Proto,
author = {Beal, Jacob and Bachrach, Jonathan},
year = {2006},
month = {04},
pages = {10 - 19},
title = {Infrastructure for Engineered Emergence on Sensor/Actuator Networks},
volume = {21},
journal = {Intelligent Systems, IEEE},
doi = {10.1109/MIS.2006.29}
}

@article{Protelis,
author = {Pianini, Danilo and Viroli, Mirko and Beal, Jacob},
year = {2015},
month = {01},
pages = {1846-1853},
title = {Protelis: Practical aggregate programming},
journal = {Proceedings of the ACM Symposium on Applied Computing}
}

@article{alchemist,
author = {Pianini, Danilo and Montagna, Sara and Viroli, Mirko},
year = {2013},
month = {01},
pages = {},
title = {Chemical-oriented simulation of computational systems with ALCHEMIST},
volume = {7},
journal = {Journal of Simulation},
doi = {10.1057/jos.2012.27}
}

@inproceedings{Bell2007,
  doi = {10.1109/aero.2007.352954},
  url = {https://doi.org/10.1109/aero.2007.352954},
  year = {2007},
  publisher = {{IEEE}},
  author = {David G. Bell and Frank Kuehnel and Chris Maxwell and Randy Kim and Kushyar Kasraie and Tom Gaskins and Patrick Hogan and Joe Coughlan},
  title = {{NASA} World Wind: Opensource {GIS} for Mission Operations},
  booktitle = {2007 {IEEE} Aerospace Conference}
}

@inproceedings{Clark2015,
author = {Clark, Shane and Beal, Jacob and Pal, Partha},
year = {2015},
month = {09},
pages = {111-120},
title = {Distributed Recovery for Enterprise Services},
doi = {10.1109/SASO.2015.19}
}

@inproceedings{Audrito2018,
  doi = {10.1109/rtss.2018.00013},
  url = {https://doi.org/10.1109/rtss.2018.00013},
  year = {2018},
  month = dec,
  publisher = {{IEEE}},
  author = {Giorgio Audrito and Ferruccio Damiani and Mirko Viroli and Enrico Bini},
  title = {Distributed Real-Time Shortest-Paths Computations with the Field Calculus},
  booktitle = {2018 {IEEE} Real-Time Systems Symposium ({RTSS})}
}

@InProceedings{10.1007/978-3-319-59746-1_4,
author="Audrito, Giorgio
and Damiani, Ferruccio
and Viroli, Mirko",
editor="Jacquet, Jean-Marie
and Massink, Mieke",
title="Optimally-Self-Healing Distributed Gradient Structures Through Bounded Information Speed",
booktitle="Coordination Models and Languages",
year="2017",
publisher="Springer International Publishing",
address="Cham",
pages="59--77",
abstract="With the constant increase in the number of interconnected devices in today networks, more and more computations can be described by spatial computing abstractions. In this context, distances can be estimated in a fully-distributed way by the so-called gradient self-organisation pattern: it is a basic building block also for large-scale system coordination, frequently used to broadcast information, forecast pointwise events, as carrier for distributed sensing, and as combinator for higher-level spatial structures. However, computing gradients is very problematic in a mutable environment: existing algorithms fail in reaching adequate trade offs between accuracy and reaction speed to environment changes.",
isbn="978-3-319-59746-1"
}

@article{beal2012,
author = {Beal, Jacob and Dulman, Stefan and Usbeck, Kyle and Viroli, Mirko and Correll, Nikolaus},
year = {2012},
month = {02},
pages = {},
title = {Organizing the Aggregate: Languages for Spatial Computing},
journal = {Formal and Practical Aspects of Domain-Specific Languages: Recent Developments},
doi = {10.4018/978-1-4666-2092-6.ch016}
}

@book{Kshemkalyani:2008:DCP:1374804,
 author = {Kshemkalyani, Ajay D. and Singhal, Mukesh},
 title = {Distributed Computing: Principles, Algorithms, and Systems},
 year = {2008},
 isbn = {0521876346},
 edition = {1},
 publisher = {Cambridge University Press},
 address = {New York, NY, USA},
}

@inbook{tanenbaum2016,
author = {Tanenbaum, Andrew and van Steen, Maarten},
year = {2016},
month = {03},
pages = {},
title = {Chapter 1 of Distributed Systems - Principles and Paradigms}
}

@inbook{spacetime,
author = {Audrito, Giorgio and Beal, Jacob and Damiani, Ferruccio and Viroli, Mirko},
year = {2018},
month = {01},
pages = {1-20},
title = {Space-Time Universality of Field Calculus},
isbn = {978-3-319-92407-6},
doi = {10.1007/978-3-319-92408-3_1}
}
@phdthesis{amslaurea13090,
	   title = {A Foundational Library for Aggregate Programming},
	  author = {Matteo Francia},
	     url = {http://amslaurea.unibo.it/13090/},
	abstract = {L'elevata diffusione di entit{\`a} computazionali ha contribuito alla costruzione di sistemi distribuiti fortemente eterogenei. L'ingegnerizzazione di sistemi auto-organizzanti, incentrata sull'interazione tra singoli dispositivi, {\`e} intrinsecamente complessa, poich{\'e} i dettagli di basso livello, come la comunicazione e l?efficienza, condizionano il design del sistema. Una pletora di nuovi linguaggi e tecnologie consente di progettare e di coordinare il comportamento collettivo di tali sistemi, astraendone i singoli componenti. In tale gruppo rientra il field calculus, il quale modella i sistemi distribuiti in termini di composizione e manipolazione di field, "mappe" dispositivo-valore variabili nel tempo, attraverso quattro operatori sufficientemente generici e semplici al fine di rendere universale il modello e di consentire la verifica di propriet{\`a} formali, come la stabilizzazione di sistemi auto-organizzanti. L'aggregate programming, ponendo le sue fondamenta nel field calculus, utilizza field computazionali per garantire elasticit{\`a}, scalabilit{\`a} e composizione di servizi distribuiti tramite, ad esempio, il linguaggio Protelis. Questa tesi contribuisce alla creazione di una libreria Protelis per l'aggregate programming, attraverso la creazione di interfacce di programmazione (API) adatte all'ingegnerizzazione di sistemi auto-organizzanti con crescente complessit{\`a}. La libreria raccoglie, all?interno di un unico framework, algoritmi tra loro eterogenei e meta-pattern per la coordinazione di entit{\`a} computazionali. Lo sviluppo della libreria richiede la progettazione di un ambiente minimale di testing e pone nuove sfide nella definizione di unit e regression testing in ambienti auto-organizzanti. L'efficienza e l'espressivit{\`a} del lavoro proposto sono testate e valutate empiricamente attraverso la simulazione di scenari pervasive computing a larga scala.},
	keywords = {Aggregate programming,Programming languages,Self-organisation,Application programming interface,Simulation}
}

@book{Gamma:1995:DPE:186897,
 author = {Gamma, Erich and Helm, Richard and Johnson, Ralph and Vlissides, John},
 title = {Design Patterns: Elements of Reusable Object-oriented Software},
 year = {1995},
 isbn = {0-201-63361-2},
 publisher = {Addison-Wesley Longman Publishing Co., Inc.},
 address = {Boston, MA, USA},
}

@misc{rfc7159,
	series =	{Request for Comments},
	number =	7159,
	howpublished =	{RFC 7159},
	publisher =	{RFC Editor},
	doi =		{10.17487/RFC7159},
	url =		{https://rfc-editor.org/rfc/rfc7159.txt},
	author =	{Tim Bray},
	title =		{{The JavaScript Object Notation (JSON) Data Interchange Format}},
	pagetotal =	16,
	year =		2014,
	month =		mar,
	abstract =	{JavaScript Object Notation (JSON) is a lightweight, text-based, language-independent data interchange format. It was derived from the ECMAScript Programming Language Standard. JSON defines a small set of formatting rules for the portable representation of structured data. This document removes inconsistencies with other specifications of JSON, repairs specification errors, and offers experience-based interoperability guidance.},
}

@article{ben2009yaml,
  title={YAML Ain’t Markup Language, Version 1.2},
  author={Ben-Kiki, Oren and Evans, Clark and d{\"o}t Net, Ingy},
  journal={Available on: http://yaml. org/spec/1.2/spec. html},
  year={2009}
}

@article{shinde2016mqtt,
  title={MQTT-message queuing telemetry transport protocol},
  author={Shinde, Shubhangi A and Nimkar, Pooja A and Singh, Shubhangi P and Salpe, Vrushali D and Jadhav, Yogesh R},
  journal={International Journal of Research},
  volume={3},
  number={3},
  pages={240--244},
  year={2016}
}
@techreport{Postel1981,
  doi = {10.17487/rfc0793},
  url = {https://doi.org/10.17487/rfc0793},
  year = {1981},
  month = sep,
  publisher = {{RFC} Editor},
  author = {J. Postel},
  title = {Transmission Control Protocol}
}

@misc{rfc7252,
	series =	{Request for Comments},
	number =	7252,
	howpublished =	{RFC 7252},
	publisher =	{RFC Editor},
	doi =		{10.17487/RFC7252},
	url =		{https://rfc-editor.org/rfc/rfc7252.txt},
	author =	{Zach Shelby and Klaus Hartke and Carsten Bormann},
	title =		{{The Constrained Application Protocol (CoAP)}},
	pagetotal =	112,
	year =		2014,
	month =		jun,
	abstract =	{The Constrained Application Protocol (CoAP) is a specialized web transfer protocol for use with constrained nodes and constrained (e.g., low-power, lossy) networks. The nodes often have 8-bit microcontrollers with small amounts of ROM and RAM, while constrained networks such as IPv6 over Low-Power Wireless Personal Area Networks (6LoWPANs) often have high packet error rates and a typical throughput of 10s of kbit/s. The protocol is designed for machine- to-machine (M2M) applications such as smart energy and building automation. CoAP provides a request/response interaction model between application endpoints, supports built-in discovery of services and resources, and includes key concepts of the Web such as URIs and Internet media types. CoAP is designed to easily interface with HTTP for integration with the Web while meeting specialized requirements such as multicast support, very low overhead, and simplicity for constrained environments.},
}

@misc{rfc7540,
	series =	{Request for Comments},
	number =	7540,
	howpublished =	{RFC 7540},
	publisher =	{RFC Editor},
	doi =		{10.17487/RFC7540},
	url =		{https://rfc-editor.org/rfc/rfc7540.txt},
	author =	{Mike Belshe and Roberto Peon and Martin Thomson},
	title =		{{Hypertext Transfer Protocol Version 2 (HTTP/2)}},
	pagetotal =	96,
	year =		2015,
	month =		may,
	abstract =	{This specification describes an optimized expression of the semantics of the Hypertext Transfer Protocol (HTTP), referred to as HTTP version 2 (HTTP/2). HTTP/2 enables a more efficient use of network resources and a reduced perception of latency by introducing header field compression and allowing multiple concurrent exchanges on the same connection. It also introduces unsolicited push of representations from servers to clients. This specification is an alternative to, but does not obsolete, the HTTP/1.1 message syntax. HTTP's existing semantics remain unchanged.},
}

@INPROCEEDINGS{7306561,
author={D. {Pianini} and A. {Croatti} and A. {Ricci} and M. {Viroli}},
booktitle={2015 IEEE International Conference on Self-Adaptive and Self-Organizing Systems Workshops},
title={Computational Fields Meet Augmented Reality: Perspectives and Challenges},
year={2015},
volume={},
number={},
pages={80-85},
keywords={augmented reality;programming;augmented reality;computational devices;computational fields-based programming;aggregate programming;Augmented reality;Aggregates;Software;Computational modeling;Mirrors;Conferences;augmented reality;aggregate computing;computational fields;situatedness},
doi={10.1109/SASOW.2015.18},
ISSN={null},
month={Sep.},}

@INPROCEEDINGS{7306601,
author={S. S. {Clark} and J. {Beal} and P. {Pal}},
booktitle={2015 IEEE 9th International Conference on Self-Adaptive and Self-Organizing Systems},
title={Distributed Recovery for Enterprise Services},
year={2015},
volume={},
number={},
pages={111-120},
keywords={computer networks;graph theory;small-to-medium enterprises;small-to medium-scale enterprise system;management resources;enterprise service recovery;dependency-directed recovery algorithm;DDR algorithm;distributed graph algorithm;networked enterprise services;Servers;Monitoring;Electronic mail;Logic gates;Databases;Reliability;Sockets;enterprise systems;aggregate programming;protelis;distributed algorithms},
doi={10.1109/SASO.2015.19},
ISSN={1949-3681},
month={Sep.},}

@INPROCEEDINGS{7789463,
author={J. {Beal} and K. {Usbeck} and J. {Loyall} and M. {Rowe} and J. {Metzler}},
booktitle={2016 IEEE 1st International Workshops on Foundations and Applications of Self* Systems (FAS*W)},
title={Adaptive Task Reallocation for Airborne Sensor Sharing},
year={2016},
volume={},
number={},
pages={168-173},
keywords={computerised instrumentation;self-organising feature maps;sensors;adaptive task reallocation;airborne sensor sharing;sensor sharing tasks;adaptable sensor sharing;MTIP;large-scale disaster response scenario;Resource management;Organizations;Data mining;Military aircraft;Monitoring;Sensors;User interfaces;sensor sharing;airborne sensors;replanning},
doi={10.1109/FAS-W.2016.46},
ISSN={null},
month={Sep.},}